<?xml version="1.0" encoding="UTF-8"?><collection xmlns="http://www.loc.gov/MARC21/slim"><record><leader>00518nam--2200193-i-4500</leader><controlfield tag="001">000039333</controlfield><controlfield tag="002">20161230</controlfield><controlfield tag="005">20170103165653</controlfield><controlfield tag="008">060222s1000------------r-----000-0-rum-d</controlfield><datafield ind1=" " ind2=" " tag="040"><subfield code="a">IFIN-HH</subfield></datafield><datafield ind1=" " ind2=" " tag="041"><subfield code="a">rum</subfield></datafield><datafield ind1=" " ind2=" " tag="080"><subfield code="a">530.17:539.3</subfield></datafield><datafield ind1="1" ind2=" " tag="100"><subfield code="a">Vasilescu,Al.A</subfield></datafield><datafield ind1="1" ind2="0" tag="245"><subfield code="a">Similitudinea sistemelor elastice</subfield><subfield code="c">Al.A. Vasilescu, Georgeta Praisler</subfield></datafield><datafield ind1=" " ind2=" " tag="260"><subfield code="a">Bucuresti</subfield><subfield code="b">Editura Academiei Rsr</subfield><subfield code="c">1974</subfield></datafield><datafield ind1=" " ind2=" " tag="300"><subfield code="a">183 p</subfield></datafield><datafield ind1="1" ind2=" " tag="700"><subfield code="a">Praisler, Georgeta</subfield></datafield><datafield ind1=" " ind2=" " tag="852"><subfield code="a">79762</subfield><subfield code="c">539.3</subfield></datafield><datafield ind1=" " ind2=" " tag="CAT"><subfield code="a">SYS</subfield><subfield code="c">20170103</subfield><subfield code="h">165653</subfield></datafield></record></collection>